<record><leader>00000cas a22000007a 4500</leader><controlfield tag="001">16898704</controlfield><controlfield tag="008">871026d18891981ohuwr ne      0    0eng d</controlfield><datafield ind1=" " ind2=" " tag="010"><subfield code="a">sn 87076771 </subfield></datafield><datafield ind1=" " ind2=" " tag="040"><subfield code="a">ONP</subfield><subfield code="b">eng</subfield><subfield code="c">ONP</subfield><subfield code="d">OCLCQ</subfield></datafield><datafield ind1=" " ind2=" " tag="042"><subfield code="a">msc</subfield></datafield><datafield ind1="0" ind2="0" tag="245"><subfield code="a">Gibsonburg derrick.</subfield></datafield><datafield ind1=" " ind2=" " tag="260"><subfield code="a">Gibsonburg, Sandusky County, Ohio :</subfield><subfield code="b">J.T. Loveland</subfield></datafield><datafield ind1=" " ind2=" " tag="310"><subfield code="a">Weekly</subfield></datafield><datafield ind1="1" ind2=" " tag="362"><subfield code="a">Began with Apr. 4, 1889 issue; ceased in 1981?</subfield></datafield><datafield ind1=" " ind2=" " tag="588"><subfield code="a">Description based on: Vol. 17, no. 3 (Mar. 23, 1905).</subfield></datafield><datafield ind1=" " ind2=" " tag="752"><subfield code="a">United States</subfield><subfield code="b">Ohio</subfield><subfield code="c">Sandusky</subfield><subfield code="d">Gibsonburg.</subfield></datafield></record>